@article{payne2021dynamic,
  title = {Enhancing genomics-based outbreak detection of endemic Salmonella enterica serovar Typhimurium using dynamic thresholds},
  author = {Payne, M. and Ingle, D. J. and Valcanis, M. and Seemann, T. and others},
  journal = {Microbial Genomics},
  volume = {7},
  number = {6},
  pages = {000310},
  year = {2021},
  doi = {10.1099/mgen.0.000310},
  publisher = {Microbiology Society}
}

@misc{seemann2015snippy,
  author = {Torsten Seemann},
  title = {Snippy: Rapid haploid variant calling and core genome alignment},
  year = {2015},
  howpublished = {\url{https://github.com/tseemann/snippy}}
}

@article{koser2012wgs,
  title = {Routine use of microbial whole genome sequencing in diagnostic and public health microbiology},
  author = {K{"o}ser, C. U. and Ellington, M. J. and Cartwright, E. J. and Gillespie, S. H. and Brown, N. M. and Farrington, M. and Holden, M. T. G. and Dougan, G. and Bentley, S. D. and Parkhill, J. and Peacock, S. J.},
  journal = {PLoS Pathogens},
  volume = {8},
  number = {8},
  pages = {e1002824},
  year = {2012},
  doi = {10.1371/journal.ppat.1002824},
  publisher = {Public Library of Science}
}
